@book{saasbook,
  author={Fox, Armando and Patterson, David},
  title={Engineering Software as a Service: An Agile Approach Using Cloud Computing},
  year={2014},
  publisher={Strawberry Canyon LLC}
}

@inproceedings{fox-2014,
 author = {Fox, Armando},
 title = {Using MOOCs to Reinvigorate Software Engineering Education (Keynote)},
 booktitle = {Companion Proceedings of the 36th International Conference on Software Engineering},
 series = {ICSE Companion 2014},
 year = {2014},
 isbn = {978-1-4503-2768-8},
 location = {Hyderabad, India},
 pages = {255--255},
 numpages = {1},
 url = {http://doi.acm.org/10.1145/2591062.2600730},
 doi = {10.1145/2591062.2600730},
 acmid = {2600730},
 publisher = {ACM},
 address = {New York, NY, USA},
 keywords = {Software Engineering Education},
}

@inproceedings{hfoss-2018,
 author = {Postner, Lori and Ellis, Heidi J.C. and Hislop, Gregory W.},
 title = {A Survey of Instructors' Experiences Supporting Student Learning Using HFOSS Projects},
 booktitle = {Proceedings of the 49th ACM Technical Symposium on Computer Science Education},
 series = {SIGCSE '18},
 year = {2018},
 isbn = {978-1-4503-5103-4},
 location = {Baltimore, Maryland, USA},
 pages = {203--208},
 numpages = {6},
 url = {http://doi.acm.org/10.1145/3159450.3159524},
 doi = {10.1145/3159450.3159524},
 acmid = {3159524},
 publisher = {ACM},
 address = {New York, NY, USA},
 keywords = {HFOSS, computing education, open source software},
} 

@article{liu-2009,
 author = {Liu, Shaoying and Takahashi, Kazuhiro and Hayashi, Toshinori and Nakayama, Toshihiro},
 title = {Teaching Formal Methods in the Context of Software Engineering},
 journal = {SIGCSE Bull.},
 issue_date = {June 2009},
 volume = {41},
 number = {2},
 month = jun,
 year = {2009},
 issn = {0097-8418},
 pages = {17--23},
 numpages = {7},
 url = {http://doi.acm.org/10.1145/1595453.1595457},
 doi = {10.1145/1595453.1595457},
 acmid = {1595457},
 publisher = {ACM},
 address = {New York, NY, USA},
 keywords = {education, formal engineering methods, formal methods, software engineering, teaching methods},
}

@article{garcia-2014,
 author = {Garcia, I. A. and Pacheco, C. L.},
 title = {Using TSPi and PBL to Support Software Engineering Education in an Upper-level Undergraduate Course},
 journal = {Comput. Appl. Eng. Educ.},
 issue_date = {December 2014},
 volume = {22},
 number = {4},
 month = dec,
 year = {2014},
 issn = {1061-3773},
 pages = {736--749},
 numpages = {14},
 url = {http://dx.doi.org/10.1002/cae.21566},
 doi = {10.1002/cae.21566},
 acmid = {2768769},
 publisher = {John Wiley \& Sons, Inc.},
 address = {New York, NY, USA},
 keywords = {computers and education, project-based learning, software engineering education, team software process},
} 

@inproceedings{gestwicki-2018,
 author = {Gestwicki, Paul},
 title = {Design and Evaluation of an Undergraduate Course on Software Development Practices},
 booktitle = {Proceedings of the 49th ACM Technical Symposium on Computer Science Education},
 series = {SIGCSE '18},
 year = {2018},
 isbn = {978-1-4503-5103-4},
 location = {Baltimore, Maryland, USA},
 pages = {221--226},
 numpages = {6},
 url = {http://doi.acm.org/10.1145/3159450.3159542},
 doi = {10.1145/3159450.3159542},
 acmid = {3159542},
 publisher = {ACM},
 address = {New York, NY, USA},
 keywords = {agile software craftsmanship, assessment, clean code, course design, education, higher education, test-driven development},
} 
